<?xml version="1.0"?>
<collection xmlns="http://www.loc.gov/MARC21/slim">
  <record>
    <leader>01680nam a2200385 a 4500</leader>
    <controlfield tag="001">cihm_28761</controlfield>
    <controlfield tag="003">CaSfIA</controlfield>
    <controlfield tag="005">20160212080755.0</controlfield>
    <controlfield tag="007">cr||||||||||||</controlfield>
    <controlfield tag="008">831208s1886    enk     b     000 0 eng d</controlfield>
    <datafield tag="020" ind1=" " ind2=" ">
      <subfield code="a">0665287615</subfield>
    </datafield>
    <datafield tag="035" ind1=" " ind2=" ">
      <subfield code="a">ocn317910372</subfield>
    </datafield>
    <datafield tag="040" ind1=" " ind2=" ">
      <subfield code="a">CaOOCIHM</subfield>
      <subfield code="b">eng</subfield>
      <subfield code="d">AEU</subfield>
      <subfield code="d">CaSfIA</subfield>
    </datafield>
    <datafield tag="043" ind1=" " ind2=" ">
      <subfield code="a">n-cn-qu</subfield>
      <subfield code="a">n-cn-on</subfield>
      <subfield code="a">n-us---</subfield>
    </datafield>
    <datafield tag="082" ind1="0" ind2=" ">
      <subfield code="a">917.14</subfield>
      <subfield code="2">19</subfield>
    </datafield>
    <datafield tag="090" ind1=" " ind2=" ">
      <subfield code="a">FC 02 0203 no. 28761</subfield>
      <subfield code="b">AEU</subfield>
    </datafield>
    <datafield tag="100" ind1="1" ind2=" ">
      <subfield code="a">Rickman, Thos. M.</subfield>
      <subfield code="q">(Thomas M.)</subfield>
    </datafield>
    <datafield tag="245" ind1="1" ind2="0">
      <subfield code="a">Notes of a short visit to Canada and the States, in August and September, 1885</subfield>
      <subfield code="h">[electronic resource] </subfield>
      <subfield code="c">by Thos. M. Rickman.</subfield>
    </datafield>
    <datafield tag="260" ind1=" " ind2=" ">
      <subfield code="a">[London? :</subfield>
      <subfield code="b">s.n.],</subfield>
      <subfield code="c">1886</subfield>
      <subfield code="e">([London] :</subfield>
      <subfield code="f">T. Bosworth)</subfield>
    </datafield>
    <datafield tag="300" ind1=" " ind2=" ">
      <subfield code="a">1 microfiche (32 fr.).</subfield>
    </datafield>
    <datafield tag="490" ind1="1" ind2=" ">
      <subfield code="a">CIHM/ICMH Microfiche series = CIHM/ICMH collection de microfiches ;</subfield>
      <subfield code="v">no. 28761</subfield>
    </datafield>
    <datafield tag="500" ind1=" " ind2=" ">
      <subfield code="a">Cover title: Canada and the States.</subfield>
    </datafield>
    <datafield tag="500" ind1=" " ind2=" ">
      <subfield code="a">"Printed for private circulation."</subfield>
    </datafield>
    <datafield tag="533" ind1=" " ind2=" ">
      <subfield code="a">Filmed from a copy of the original publication held by the Thomas Fisher Rare Book Library, University of Toronto Library.</subfield>
      <subfield code="b">Ottawa :</subfield>
      <subfield code="c">Canadian Institute for Historical Microreproductions,</subfield>
      <subfield code="d">1982.</subfield>
    </datafield>
    <datafield tag="534" ind1=" " ind2=" ">
      <subfield code="e">54 p. ; 18 cm.</subfield>
    </datafield>
    <datafield tag="596" ind1=" " ind2=" ">
      <subfield code="a">43</subfield>
    </datafield>
    <datafield tag="651" ind1=" " ind2="5">
      <subfield code="a">Quebec (Province)</subfield>
      <subfield code="x">Description and travel</subfield>
      <subfield code="y">1850-1900.</subfield>
    </datafield>
    <datafield tag="651" ind1=" " ind2="5">
      <subfield code="a">Ontario</subfield>
      <subfield code="x">Description and travel</subfield>
      <subfield code="y">1850-1900.</subfield>
    </datafield>
    <datafield tag="651" ind1=" " ind2="0">
      <subfield code="a">United States</subfield>
      <subfield code="x">Description and travel</subfield>
      <subfield code="y">1865-1900.</subfield>
    </datafield>
    <datafield tag="651" ind1=" " ind2="6">
      <subfield code="a">Qu&#xC3;&#xA9;bec (Province)</subfield>
      <subfield code="x">Descriptions et voyages</subfield>
      <subfield code="y">1850-190</subfield>
    </datafield>
    <!-- No separator at end of field length=60 -->
    <!-- Bad indicator data. Skipping 2 bytes -->
    <datafield tag="651" ind1=" " ind2="6">
      <subfield code="a">Ontario</subfield>
      <subfield code="x">Descriptions et voyages</subfield>
      <subfield code="y">1850-1900.</subfield>
    </datafield>
    <!-- Bad indicator data. Skipping 2 bytes -->
    <datafield tag="651" ind1=" " ind2="6">
      <subfield code="a">&#xC3;&#x89;tats-Unis</subfield>
      <subfield code="x">Descriptions et voyages</subfield>
      <subfield code="y">1865-190</subfield>
    </datafield>
    <!-- No separator at end of field length=53 -->
    <datafield tag="830" ind1="0" ind2="0">
  </datafield>
    <!-- Separator but not at end of field length=45 -->
    <datafield tag="856" ind1="4" ind2="1">
      <subfield code="u">http://archive.org/details/cihm_28761</subfield>
      <subfield code="z">Free eBook from the Internet Archive</subfield>
    </datafield>
    <!-- Separator but not at end of field length=22 -->
    <datafield tag="016" ind1="P" ind2="R">
  </datafield>
    <!-- Separator but not at end of field length=15 -->
    <!-- Separator but not at end of field length=58 -->
  </record>
</collection>
